<?xml version="1.0" encoding="UTF-8"?><record xmlns="http://www.loc.gov/MARC21/slim" xmlns:cinclude="http://apache.org/cocoon/include/1.0" xmlns:zs="http://www.loc.gov/zing/srw/">
  <leader>01026cz  a2200265n  4500</leader>
  <controlfield tag="001">n  85220945 </controlfield>
  <controlfield tag="003">DLC</controlfield>
  <controlfield tag="005">20081029075721.0</controlfield>
  <controlfield tag="008">860129nc acannaabn          |b aaa      </controlfield>
  <datafield tag="010" ind1=" " ind2=" ">
    <subfield code="a">n  85220945 </subfield>
  </datafield>
  <datafield tag="035" ind1=" " ind2=" ">
    <subfield code="a">(OCoLC)oca01584221</subfield>
  </datafield>
  <datafield tag="040" ind1=" " ind2=" ">
    <subfield code="a">DLC</subfield>
    <subfield code="b">eng</subfield>
    <subfield code="c">DLC</subfield>
    <subfield code="d">DLC</subfield>
    <subfield code="d">NjP</subfield>
    <subfield code="d">OCoLC</subfield>
  </datafield>
  <datafield tag="100" ind1="1" ind2=" ">
    <subfield code="a">Tang, Jiyao,</subfield>
    <subfield code="d">1883-1927</subfield>
  </datafield>
  <datafield tag="400" ind1="1" ind2=" ">
    <subfield code="w">nne</subfield>
    <subfield code="a">Tʻang, Chi-yao,</subfield>
    <subfield code="d">1883-1927</subfield>
  </datafield>
  <datafield tag="400" ind1="1" ind2=" ">
    <subfield code="a">Tang, Minggeng,</subfield>
    <subfield code="d">1883-1927</subfield>
  </datafield>
  <datafield tag="400" ind1="0" ind2=" ">
    <subfield code="a">Dongdaluzhuren,</subfield>
    <subfield code="d">1883-1927</subfield>
  </datafield>
  <datafield tag="400" ind1="1" ind2=" ">
    <subfield code="a">Tʻang, Ming-keng,</subfield>
    <subfield code="d">1883-1927</subfield>
  </datafield>
  <datafield tag="400" ind1="0" ind2=" ">
    <subfield code="a">Tung-ta-lu-chu-jen,</subfield>
    <subfield code="d">1883-1927</subfield>
  </datafield>
  <datafield tag="400" ind1="1" ind2=" ">
    <subfield code="a">唐継尧,</subfield>
    <subfield code="d">1883-1927</subfield>
  </datafield>
  <datafield tag="400" ind1="1" ind2=" ">
    <subfield code="a">唐繼堯,</subfield>
    <subfield code="d">1883-1927</subfield>
  </datafield>
  <datafield tag="400" ind1="1" ind2=" ">
    <subfield code="a">唐继尧,</subfield>
    <subfield code="d">1883-1927</subfield>
  </datafield>
  <datafield tag="667" ind1=" " ind2=" ">
    <subfield code="a">Machine-derived non-Latin script reference project.</subfield>
  </datafield>
  <datafield tag="667" ind1=" " ind2=" ">
    <subfield code="a">Non-Latin script references not evaluated.</subfield>
  </datafield>
  <datafield tag="670" ind1=" " ind2=" ">
    <subfield code="a">Hsieh, P.S. Tʻang Chi-yao pʻing chuan, 1985:</subfield>
    <subfield code="b">t.p. (Tʻang Chi-yao) p. 180, etc. (b. 8/14/1883; d. 5/23/1927; t. Ming-keng; a war lord in Yunnan)</subfield>
  </datafield>
  <datafield tag="670" ind1=" " ind2=" ">
    <subfield code="a">Tʻang Chi-yao yü hsi nan cheng chü, 1994:</subfield>
    <subfield code="b">p. 9 (h. Tung-ta-lu-chu-jen)</subfield>
  </datafield>
</record>